%bibtex entries 

%introduction
@misc{ieees,
	title = {IEEE Spectrum - {I}nside {T}echnology},
	author = {Paul {M}cFedries},
	howpublished = {\url{http://spectrum.ieee.org/computing/hardware/the-cloud-is-the-computer}},
	note = {Last accessed 16 July 2011}
}

@misc{hpclinux,
	title = {What is high-performance computing ({H}{P}{C})? --- {D}efinition from {W}hat{I}s.com},
	author = {Tech{T}arget},
	howpublished = {\url{http://searchenterpriselinux.techtarget.com/definition/high-performance-computing}},
	note = {Last accessed 14 June 2012}
}
http://searchenterpriselinux.techtarget.com/definition/high-performance-computing

@article{Buyya2009599,
	author = "Rajkumar Buyya and Chee Shin Yeo and Srikumar Venugopal and James Broberg and Ivona Brandic",
	title = "Cloud computing and emerging IT platforms: Vision, hype, and reality for delivering computing as the 5th utility",
	journal = "Future Generation Computer Systems",
	volume = "25",
	number = "6",
	year = "2009",
	pages = "599 - 616",
	issn = "0167-739X",
	doi = "DOI: 10.1016/j.future.2008.12.001",
}

%project

@misc{opennebula,
	title = {Open{N}ebula},
	author = {Open{N}ebula},
	howpublished = {\url{http://opennebula.org/about:faq#what_is_opennebula}},
	note = {Last accessed 16 July 2011}	
}

%motivation

@misc{brighthub,
	title = {Bright {H}ub - {T}he {H}ub for {B}right {M}inds},
	author = {Karishma {S}undaram},
	howpublished = {\url{http://www.brighthub.com/environment/green-computing/articles/68785.aspx}},
	note = {Last accessed 16 July 2011}
}

%sota

@book{gridbook,
    author = {Kesselman, Carl and Foster, Ian},
    isbn = {1558604758},
    month = nov,
    publisher = {{Morgan Kaufmann Publishers}},
    title = {{The Grid: Blueprint for a New Computing Infrastructure}},
    year = {1998}
}

@article{Foster_2002, 
	title={What is the Grid? A Three Point Checklist}, 
	volume={1}, 
	url={http://www.gridtoday.com/02/0722/100136.html}, 
	number={6}, 
	journal={Grid Today}, 
	author={Foster, Ian}, 
	year={2002}, 
	pages={22–25}
}

﻿@article {stockinger,
   author = {Stockinger, Heinz},
   title = {Defining the grid: a snapshot on the current view},
   journal = {The Journal of Supercomputing},
   publisher = {Springer Netherlands},
   issn = {0920-8542},
   pages = {3-17},
   volume = {42},
   issue = {1},
   year = {2007}
}

@techreport{grids-and-clouds,
    author = {B\'{e}gin, Marc-Elian},
    howpublished = {https://edms.cern.ch/document/925013/},
    institution = {CERN - Engeneering and Equipment Data Management Service},
    month = jun,
    posted-at = {2009-09-17 12:36:36},
    priority = {2},
    title = {{An EGEE comparative study: Grids and clouds - evolution or revolution}},
    year = {2008}
}

﻿@incollection {bote-lorenzo,
   author = {Bote-Lorenzo, Miguel and Dimitriadis, Yannis and Gómez-Sánchez, Eduardo},
   affiliation = {School of Telecommunications Engineering, University of Valladolid, Camino Viejo del Cementerio s/n, 47011 Valladolid, Spain},
   title = {Grid Characteristics and Uses: A Grid Definition},
   booktitle = {Grid Computing},
   series = {Lecture Notes in Computer Science},
   editor = {Fernández Rivera, Francisco and Bubak, Marian and Gómez Tato, Andrés and Doallo, Ramón},
   publisher = {Springer Berlin / Heidelberg},
   pages = {291-298},
   volume = {2970},
   year = {2004}
}

@ARTICLE{grid-standards, 
	author={Baker, M. and Apon, A. and Ferner, C. and Brown, J.}, 
	journal={Computer}, 
	title={Emerging grid standards}, 
	year={2005}, 
	month={april}, 
	volume={38}, 
	number={4}, 
	pages={ 43 - 50}, 
	ISSN={0018-9162}
}

@inproceedings{iosup,
	author = {Iosup, Alexandru and Dumitrescu, Catalin and Epema, Dick and Li, Hui and Wolters, Lex},
	title = {How are Real Grids Used? The Analysis of Four Grid Traces and Its Implications},
	booktitle = {Proceedings of the 7th IEEE/ACM International Conference on Grid Computing},
	series = {GRID '06},
	year = {2006},
	isbn = {1-4244-0343-X},
	pages = {262--269},
	numpages = {8},
	publisher = {IEEE Computer Society},
	address = {Washington, DC, USA},
} 

@article{clusters-grid,
	author = {I. Foster and T. Freeman and K. Keahy and D. Scheftner and B. Sotomayer and X. Zhang},
	title = {Virtual Clusters for Grid Communities},
	journal ={Cluster Computing and the Grid, IEEE International Symposium on},
	isbn = {0-7695-2585-7},
	year = {2006},
	pages = {513-520},
	doi = {http://doi.ieeecomputersociety.org/10.1109/CCGRID.2006.108},
	publisher = {IEEE Computer Society},
	address = {Los Alamitos, CA, USA},
}

@TECHREPORT{Zhang05virtualcluster,
    author = {Xuehai Zhang and Katarzyna Keahey and Ian Foster and Timothy Freeman},
    title = {Virtual cluster workspaces for grid applications},
    institution = {},
    year = {2005}
}

@inproceedings{virtualpower,
	author = {Nathuji, Ripal and Schwan, Karsten},
	title = {VirtualPower: coordinated power management in virtualized enterprise systems},
	booktitle = {Proceedings of twenty-first ACM SIGOPS symposium on Operating systems principles},
	series = {SOSP '07},
	year = {2007},
	isbn = {978-1-59593-591-5},
	location = {Stevenson, Washington, USA},
	pages = {265--278},
	numpages = {14},
	publisher = {ACM},
	address = {New York, NY, USA},
}

@INPROCEEDINGS{contextualization, 
	author={Keahey, K. and Freeman, T.}, 
	booktitle={eScience, 2008. eScience '08. IEEE Fourth International Conference on}, 
	title={Contextualization: Providing One-Click Virtual Clusters}, 
	year={2008}, 
	month={dec.}, 
	pages={301 -308}, 
}

@article{aaron-clouds,
	author = {Weiss, Aaron},
	title = {Computing in the clouds},
	journal = {netWorker},
	volume = {11},
	issue = {4},
	month = {December},
	year = {2007},
	issn = {1091-3556},
	pages = {16--25},
	publisher = {ACM},
	address = {New York, NY, USA},
} 

@article{nishimura,
	author = {Hideo Nishimura and Naoya Maruyama and Satoshi Matsuoka},
	title = {Virtual Clusters on the Fly - Fast, Scalable, and Flexible Installation},
	journal ={Cluster Computing and the Grid, IEEE International Symposium on},
	volume = {0},
	isbn = {0-7695-2833-3},
	year = {2007},
	pages = {549-556},
	publisher = {IEEE Computer Society},
	address = {Los Alamitos, CA, USA},
}

@misc{knorr,
    author = {Knorr, Eric and Gruman, Galen},
    citeulike-article-id = {6579629},
    citeulike-linkout-0 = {http://www.infoworld.com/d/cloud-computing/what-cloud-computing-really-means-031},
    posted-at = {2010-01-22 12:57:45},
    priority = {2},
    title = {{What cloud computing really means}},
    howpublished = {\url{http://www.infoworld.com/d/cloud-computing/what-cloud-computing-really-means-031}},
    year = {2009},
    note = {Last accessed 16 July 2011}
}

@article{vaquero,
	author = {Vaquero, Luis M. and Rodero-Merino, Luis and Caceres, Juan and Lindner, Maik},
	title = {A break in the clouds: towards a cloud definition},
	journal = {SIGCOMM Comput. Commun. Rev.},
	volume = {39},
	issue = {1},
	month = {December},
	year = {2008},
	issn = {0146-4833},
	pages = {50--55},
	numpages = {6},
	publisher = {ACM},
	address = {New York, NY, USA},
	keywords = {cloud computing, cloud definition, grid},
} 

@misc{21experts,
	author = {Geelan, Jeremy and Klems, Markus and Cohen, Reuven and Kaplan, Jeff and Gourlay, Douglas and Gaw, Praising and Edwards, Damon and de Haaff, Brian and Kepes, Ben and Sheynkman, Kirill and Sultan, Omar and Hartig, Kevin and Pritzker, Jan and Doerksen, Trevor and von Eicken, Thorsten and Wallis, Paul and Sheehan, Michael and Dodge, Don and Ricadela, Aaron and Martin, Bill and Kepes, Ben and Berger, Irving W.},
	posted-at = {2010-01-22 11:08:33},
	title = {{Twenty-One Experts Define Cloud Computing}},
	howpublished = {\url{http://virtualization.sys-con.com/node/612375}},
	note = {Last accessed in 16 July 2011}
}
@article{hayes,
	author = {Hayes, Brian},
	title = {Cloud computing},
	journal = {Commun. ACM},
	issue_date = {July 2008},
	volume = {51},
	issue = {7},
	month = {July},
	year = {2008},
	issn = {0001-0782},
	pages = {9--11},
	numpages = {3},
	url = {http://doi.acm.org/10.1145/1364782.1364786},
	doi = {http://doi.acm.org/10.1145/1364782.1364786},
	acmid = {1364786},
	publisher = {ACM},
	address = {New York, NY, USA},
} 

@book{carr,
	author = {Carr, Nicholas},
	title = {The Big Switch: Rewiring the World, from Edison to Google},
	year = {2009},
	isbn = {0393333949, 9780393333947},
	publisher = {W.W. Norton \& Company},
} 

@misc{amazon-aws,
	title = {Amazon {E}{C}2 {FAQ} - What is a ``{E}{C}2 {C}ompute {U}nit'' and why did you introduce it? },
	author = {Amazon},
	howpublished = {\url{http://aws.amazon.com/ec2/faqs/#What_is_an_EC2_Compute_Unit_and_why_did_you_introduce_it}},
	note = {Last accessed 16 July 2011}	
}

@article{ibm-utility,
	author = {Rappa, M. A.},
	title = {The utility business model and the future of computing services},
	journal = {IBM Syst. J.},
	volume = {43},
	issue = {1},
	month = {January},
	year = {2004},
	issn = {0018-8670},
	pages = {32--42},
	numpages = {11},
	url = {http://dx.doi.org/10.1147/sj.431.0032},
	doi = {http://dx.doi.org/10.1147/sj.431.0032},
	acmid = {1014718},
	publisher = {IBM Corp.},
	address = {Riverton, NJ, USA},
} 

@inproceedings{bhatta-utility,
	author = {Bhattacharya, Jaijit and Vashistha, Sushant},
	title = {Utility computing-based framework for e-governance},
	booktitle = {Proceedings of the 2nd international conference on Theory and practice of electronic governance},
	series = {ICEGOV '08},
	year = {2008},
	isbn = {978-1-60558-386-0},
	location = {Cairo, Egypt},
	pages = {303--309},
	numpages = {7},
	url = {http://doi.acm.org/10.1145/1509096.1509160},
	doi = {http://doi.acm.org/10.1145/1509096.1509160},
	acmid = {1509160},
	publisher = {ACM},
	address = {New York, NY, USA},
	keywords = {SWUC framework, e-governance, utility based computing},
} 

@article{ross,
	author = {Ross, J. W. and Westerman, G.},
	title = {Preparing for utility computing: The role of IT architecture and relationship management},
	journal = {IBM Syst. J.},
	volume = {43},
	issue = {1},
	month = {January},
	year = {2004},
	issn = {0018-8670},
	pages = {5--19},
	numpages = {15},
	url = {http://dx.doi.org/10.1147/sj.431.0005},
	doi = {http://dx.doi.org/10.1147/sj.431.0005},
	acmid = {1014723},
	publisher = {IBM Corp.},
	address = {Riverton, NJ, USA},
} 


%FEUP computing system

@inproceedings{open-clouds,
	author = {Cerbelaud, Damien and Garg, Shishir and Huylebroeck, Jeremy},
	title = {Opening the clouds: qualitative overview of the state-of-the-art open source VM-based cloud management platforms},
	booktitle = {Proceedings of the 10th ACM/IFIP/USENIX International Conference on Middleware},
	series = {Middleware '09},
	year = {2009},
	location = {Urbanna, Illinois},
	pages = {22:1--22:8},
	articleno = {22},
	numpages = {8},
	url = {http://portal.acm.org/citation.cfm?id=1656980.1657011},
	acmid = {1657011},
	publisher = {Springer-Verlag New York, Inc.},
	address = {New York, NY, USA},
	keywords = {cloud computing, management platforms, open-source},
} 

@mastersthesis{nuno-cardoso,
        author = "Nuno Cardoso",
        title = "Virtual clusters sustained by cloud computing infrastructures",
        school = "FEUP - Faculdade de Engenharia da Universidade do Porto",
        year = {2011},
}

@mastersthesis{jorge-ruao,
        author = "Jorge Fernando Maciel Rodrigues Ruão Pinheiro",
        title = "Interligação de infra-estruturas de computação de elevado desempenho heterogéneas recorrendo a um super escalonador",
        school = "FEUP - Faculdade de Engenharia da Universidade do Porto",
        year = {2010},
}

@misc{condor,
	title = {Condor {P}roject {H}omepage},
	author = {Condor {T}eam},
	howpublished = {\url{http://www.cs.wisc.edu/condor/}},
	note = {Last accessed 16 July 2011}	
}

@misc{moab,
	title = {Cluster {R}esources: {M}oab {C}luster {S}oftware {S}uite},
	author = {Cluster {R}esources},
	howpublished = {\url{http://www.clusterresources.com/products/moab-cluster-suite.php}},
	note = {Last accessed 16 July 2011}	
}

@misc{glite,
	title = {g{L}ite - {L}ightweight {M}iddleware for {G}rid {C}omputing},
	author = {C{E}{R}{N}},
	howpublished = {\url{http://glite.cern.ch/}},
	note = {Last accessed 16 July 2011}	
}

%amazon aws

@inproceedings{hazel,
	author = {Hazelhurst, Scott},
	title = {Scientific computing using virtual high-performance computing: a case study using the Amazon elastic computing cloud},
	booktitle = {Proceedings of the 2008 annual research conference of the South African Institute of Computer Scientists and Information Technologists on IT research in developing countries: riding the wave of technology},
	series = {SAICSIT '08},
	year = {2008},
	isbn = {978-1-60558-286-3},
	location = {Wilderness, South Africa},
	pages = {94--103},
	numpages = {10},
	url = {http://doi.acm.org/10.1145/1456659.1456671},
	doi = {http://doi.acm.org/10.1145/1456659.1456671},
	acmid = {1456671},
	publisher = {ACM},
	address = {New York, NY, USA},
	keywords = {Amazon elastic computing cloud, clusters, high-performance computing, virtualisation},
} 

%google app engine

@inproceedings{googleapp,
	author = {Hollingsworth, Joel and Powell, David J.},
	title = {Teaching web programming using the Google Cloud},
	booktitle = {Proceedings of the 48th Annual Southeast Regional Conference},
	series = {ACM SE '10},
	year = {2010},
	isbn = {978-1-4503-0064-3},
	location = {Oxford, Mississippi},
	pages = {76:1--76:5},
	articleno = {76},
	numpages = {5},
	url = {http://doi.acm.org/10.1145/1900008.1900110},
	doi = {http://doi.acm.org/10.1145/1900008.1900110},
	acmid = {1900110},
	publisher = {ACM},
	address = {New York, NY, USA},
	keywords = {CSS, HTML, JDO, Java server pages, cloud computing, google app engine, servlets},
} 

@misc{google-app-site,
	title = {Google {A}pp {E}ngine - {G}oogle {C}ode},
	author = {Google},
	howpublished = {\url{http://code.google.com/appengine/}},
	note = {Last accessed 16 July 2011}	
}

% azure

@inproceedings{azure-paper,
	author = {Gunarathne, Thilina and Wu, Tak-Lon and Qiu, Judy and Fox, Geoffrey},
	title = {Cloud computing paradigms for pleasingly parallel biomedical applications},
	booktitle = {Proceedings of the 19th ACM International Symposium on High Performance Distributed Computing},
	series = {HPDC '10},
	year = {2010},
	isbn = {978-1-60558-942-8},
	location = {Chicago, Illinois},
	pages = {460--469},
	numpages = {10},
	url = {http://doi.acm.org/10.1145/1851476.1851544},
	doi = {http://doi.acm.org/10.1145/1851476.1851544},
	acmid = {1851544},
	publisher = {ACM},
	address = {New York, NY, USA},
	keywords = {cloud technology, interpolated dimension reduction, map reduce, sequence assembly},
} 

@misc{azure,
	title = {Windows {A}zure | {M}icrosoft {P}aaS | {C}loud {S}ervices | {A}pplication {H}osting},
	author = {Microsoft},
	howpublished = {\url{http://www.microsoft.com/windowsazure/}},
	note = {Last accessed 16 July 2011}	
}

% packages

@misc{webopedia-packs,
	title = {What is software package? - {A} {W}ord {D}efinition From the {W}ebopedia {C}omputer {D}ictionary},
	author = {Webopedia},
	howpublished = {\url{http://www.webopedia.com/TERM/S/software_package.html}},
	note = {Last accessed 16 July 2011}	
}

@misc{pkg-basics,
	title = {The {D}ebian {}{G}{N}{U}/{L}inux {F}{A}{Q} - {B}asics of the {D}ebian package management system},
	author = {Debian},
	howpublished = {\url{http://www.debian.org/doc/manuals/debian-faq/ch-pkg_basics.en.html}},
	note = {Last accessed 16 July 2011}	
}

@misc{manpages-dpkg,
	title = {Linux {R}eviews - dpkg},
	author = {Linux {R}eviews},
	howpublished = {\url{http://linuxreviews.org/man/dpkg/}},
	note = {Last accessed 16 July 2011}	
}

@misc{debian-config,
	title = {Debian - {H}ow to set up a {D}ebian repository},
	author = {Debian},
	howpublished = {\url{http://wiki.debian.org/HowToSetupADebianRepository}},
	note = {Last accessed 16 July 2011}	
}

@misc{linux-config,
	title = {Easy way to create a Debian package and local package repository},
	author = {Linux {C}onfig},
	howpublished = {\url{http://linuxconfig.org/easy-way-to-create-a-debian-package-and-local-package-repository}},
	note = {Last accessed 16 July 2011}	
}

@misc{aboutdebian,
	title = {How to install {L}inux software programs using {D}ebian {L}inux package management tools.},
	author = {Keith {P}arkansky},
	howpublished = {\url{http://www.aboutdebian.com/packages.htm}},
	note = {Last accessed 16 July 2011}	
}

@misc{about-iso,
	title = {{I}{S}{O} {F}ile {D}efinition - {W}hat is an {I}{S}{O} {F}ile},
	author = {About.com - {P}{C} {S}upport},
	howpublished = {\url{http://pcsupport.about.com/od/termsi/g/isofile.htm}},
	note = {Last accessed 16 July 2011}	
}

%ghost

@misc{symantec-ghost-tutorials,
	title = {Ghost {T}utorials},
	author = {Symantec},
	howpublished = {\url{http://www.symantec.com/business/support/ghosttutorial/GhostTutorials.html}},
	note = {Last accessed 16 July 2011}	
}

%ghost

@misc{radified,
	title = {Radified {G}uide to {N}orton {G}host ({S}ymantec) -  {A} {T}utorial on {H}ow to {C}reate, {S}ave \& {R}estore {H}ard {D}rive {B}ack-up {G}host {I}mages},
	author = {Radified},
	howpublished = {\url{http://ghost.radified.com/}},
	note = {Last accessed 16 July 2011}	
}


%suse studio

@misc{suse-help,
	title = {{S}{U}{S}{E} {S}tudio},
	author = {Novell, {I}nc.},
	howpublished = {\url{http://susestudio.com/help}},
	note = {Last accessed 16 July 2011}	
}

@misc{lifehacker-suse,
	title = {{U}se {S}{U}{S}{E} {S}tudio to {B}uild a {L}inux {O}{S} {F}rom {S}cratch},
	author = {Lifehacker},
	howpublished = {\url{http://lifehacker.com/5370209/use-suse-studio-to-build-a-linux-os-from-scratch}},
	note = {Last accessed 16 July 2011}	
}


%vmbuilder

@misc{vmbuilder-ubuntu,
	title = {{U}{E}{C}/{C}reate{Y}our{I}mage - {C}ommunity {U}buntu {D}ocumentation},
	author = {Ubuntu},
	howpublished = {\url{https://help.ubuntu.com/community/UEC/CreateYourImage}},
	note = {Last accessed 16 July 2011}	
}


@misc{vmbuilder-debian,
	title = {{V}{M}{B}uilder - {D}ebian {W}iki},
	author = {Debian},
	howpublished = {\url{http://wiki.debian.org/VMBuilder}},
	note = {Last accessed 16 July 2011}	
}

@misc{help-ubuntu-vmbuilder,
	title = {Je{O}{S}{V}{M}{B}uilder - {C}ommunity {U}buntu {D}ocumentation},
	author = {Ubuntu},
	howpublished = {\url{https://help.ubuntu.com/community/JeOSVMBuilder}},
	note = {Last accessed 16 July 2011}	
}


%technologies

%ruby on rails

@misc{rubyonrails,
	title = {{R}uby on {R}ails},
	author = {David {H}einemeier {H}ansson},
	howpublished = {\url{http://rubyonrails.org/}},
	note = {Last accessed 16 July 2011}	
}

@ARTICLE{ror, 
	author={Bachle, M. and Kirchberg, P.}, 
	journal={Software, IEEE}, title={Ruby on Rails}, 
	year={2007}, 
	month={nov.-dec. }, 
	volume={24}, 
	number={6}, 
	pages={105 -108}, 
	keywords={Java architecture;Ruby on Rail;Web 2.0 framework;object-oriented Ruby programming language;open source framework;Java;Web services;object-oriented programming;}, 
	doi={10.1109/MS.2007.176}, 
	ISSN={0740-7459}
}

%django

@misc{c2,
	title = {Don't {R}epeat {Y}ourself},
	author = {Cunningham \& {C}unningham, {I}nc.},
	howpublished = {\url{http://c2.com/cgi/wiki?DontRepeatYourself}},
	note = {Last accessed 16 July 2011}	
}

@misc{stackoverflow-python-bash,
	title = {Can {I} use {P}ython as a bash replacement?},
	author = {stack exchange inc},
	howpublished = {\url{http://stackoverflow.com/questions/209470/can-i-use-python-as-a-bash-replacement}},
	note = {Last accessed 16 July 2011}	
}

%openstack

@misc{openstack,
	title = {Open {S}tack - {O}pen {S}ource {C}loud {C}omputing {S}oftware},
	author = {Rackspace {C}loud {C}omputing},
	howpublished = {\url{http://www.openstack.org/software/}},
	note = {Last accessed 12 June 2012}	
}

@misc{ nasa-nebula,
	title = {Nebula {C}loud {C}omputing {P}latform},
	author = {N{A}{S}{A} - {N}orth {A}merican {S}pace {A}gency},
	howpublished = {\url{http://nebula.nasa.gov/}},
	note = "Last accessed 14 June 2012"
}

@misc{ stackgithub,
	title = {Open{S}tack {E}ssex {D}eploy {D}ay · dellcloudedge/crowbar {W}iki},
	author = {Git{H}ub{,} {I}nc.},
	howpublished = {\url{https://github.com/dellcloudedge/crowbar/wiki/OpenStack-Essex-Deploy-Day}},
	note = "Last accessed 14 June 2012"
}

@misc{ scaleout,
	title = {What is {S}cale-{O}ut {S}torage? {A}n {I}{T} {D}efinition {F}rom {W}ebopedia.com},
	author = {Quin{S}treet {I}nc.},
	howpublished = {\url{http://www.webopedia.com/TERM/S/scale_out_storage.html}},
	note = "Last accessed 14 June 2012"
}

@misc{ cloudbuilders,
	title = {Open {C}loud {D}eployment in {Y}our {D}ata {C}enter {M}anaged by {R}ackspace},
	author = {Rackspace {U}{S}{,} {I}nc.},
	howpublished = {\url{http://www.rackspace.com/cloud/private_edition/}},
	note = "Last accessed 14 June 2012"
}

@misc{ openstack-userstories,
	title = {User {S}tories - {O}pen{S}tack {O}pen {S}ource {C}loud {C}omputing {S}oftware},
	author = {Rackspace {C}loud {C}omputing},
	howpublished = {\url{http://www.openstack.org/user-stories/}},
	note = "Last accessed 14 June 2012"
}

@misc{ essex-cloudinit,
	title = {Introduction - {O}penStack {C}ompute {S}tarter {G}uide - essex},
	author = {Rackspace {C}loud {C}omputing},
	howpublished = {\url{http://docs.openstack.org/essex/openstack-compute/starter/content/Introduction-d1e1257.html}},
	note = "Last accessed 14 June 2012"
}


@misc{ ken-pepple:essex-arch,
	title = {Revisiting {O}penStack {A}rchitecture: {E}ssex {E}dition},
	author = { Ken {P}epple},
	howpublished = {\url{http://ken.pepple.info/openstack/2012/02/21/revisit-openstack-architecture-diablo/}},
	note = "Last accessed 14 June 2012"
}

@misc{ ohloh,
	title = {Compare Projects {-} {O}hloh},
	author = {Black {D}uck {S}oftware{,} {I}nc},
	howpublished = {\url{http://www.ohloh.net/p/compare?metric=Summary&project_0=OpenStack&project_1=OpenNebula&project_2=}},
	note = "Last accessed 14 June 2012"
}

%Opennebula

@misc{nebulatech,
	title = {Open{N}ebula: {T}he {O}pen {S}ource {S}olution for {D}ata {C}enter {V}irtualization},
	author = {Open{N}ebula {P}roject {L}eads},
	howpublished = {\url{http://opennebula.org/about:technology}},
	note = {Last accessed 12 June 2012}	
}

@misc{nebulacomponents,
	title = {Open{N}ebula: {T}he {O}pen {S}ource {S}olution for {D}ata {C}enter {V}irtualization},
	author = {Open{N}ebula {P}roject {L}eads},
	howpublished = {\url{http://www.opennebula.org/documentation:rel3.4}},
	note = {Last accessed 12 June 2012}	
}

@misc{4caast,
	title = {Morfeo 4{C}aa{S}t},
	author = {Arif {H}idayat},
	howpublished = {\url{http://4caast.morfeo-project.org/}},
	note = {Last accessed 14 June 2012}
}

@misc{occi,
	title = {Open {C}loud {C}omputing {I}nterface - {O}pen {S}tandard - {O}pen {C}ommunity},
	author = {OCCI},
	howpublished = {\url{http://occi-wg.org/}},
	note = {Last accessed 14 June 2012}
}


@misc{linkedin-opennebula,
	title = {Open{S}tack vs {E}ucalyptus vs {O}pen{N}ebula},
	author = {Linked{I}n {C}orporation},
	howpublished = {\url{http://www.linkedin.com/groups/OpenStack-vs-Eucalyptus-vs-OpenNebula-2685473.S.54382975}},
	note = {Last accessed 14 June 2012}
}

@misc{nebula-contextualization,
	title = {Open{N}ebula: {T}he {O}pen {S}ource {S}olution for {D}ata {C}enter {V}irtualization},
	author = {Open{N}ebula {P}roject {L}eads},
	howpublished = {\url{http://opennebula.org/documentation:rel3.4:img_guide}},
	note = {Last accessed 15 June 2012}
}


@misc{stratuslab,
	title = {Stratus{L}ab {C}ombining {G}rid and {C}loud {T}echnologies},
	author = {},
	howpublished = {\url{stratuslab.eu}},
	note = {Last accessed 14 June 2012}
}

@misc{reservoir,
	title = {Reservoir fp7 - {H}ome},
	author = {},
	howpublished = {\url{http://www.reservoir-fp7.eu/}},
	note = {Last accessed 14 June 2012}
}

%oz


@misc{oz,
	title = {Aeolus {P}roject - {O}z},
	author = {Red {H}at{,} {I}nc.},
	howpublished = {\url{http://aeolusproject.org/oz.html}},
	note = {Last accessed 14 June 2012}
}

%vagrant
@misc{vagrant-contribution,
	title = {Vagrant - {C}ontribute to {V}agrant},
	author = {Mitchell {H}ashimoto and {J}ohn {B}ender},
	howpublished = {\url{http://vagrantup.com/contribute/index.html}},
	note = {Last accessed 14 June 2012}
}

@misc{vagrant-ducea,
	title = {M{D}{L}og{:}{/}sysadmin},
	author = {{M}arius {D}ucea},
	howpublished = {\url{http://www.ducea.com/2011/08/15/building-vagrant-boxes-with-veewee/}},
	note = {Last accessed 14 June 2012}
}

